% Encoding: UTF-8
%%% ====================================================================
%%%  BibTeX-file{
%%%     author          = "Ashok Reddy Singam, Anil Ravi",
%%%     version         = "1.0",
%%%     date            = "04 December 2017",
%%%     filename        = "report.bib",
%%%     email           = "asingam at iu.edu",
%%%     codetable       = "ISO/ASCII",
%%%     keywords        = "i523,hid337,hid333",
%%%     supported       = "yes",
%%%     docstring       = "This BibTeX database file contains 'bibdata' entries for the project report 
%%%  }
%%% ====================================================================

@MISC{Tonci2009,
title =  {The Interaction of PSS and PHM - a mutual benefit case},
author = {Tonci Grubic, Ian Jennions, and Tim Baines},
year =  {2009},
pages = {10},
url = {https://www.phmsociety.org/sites/phmsociety.org/files/phm_submission/2009/phmc_09_49.pdf}
}

@MISC{Shunfeng2010,
title =  {Sensor Systems for Prognostics and Health Management},
author = {Shunfeng Cheng, Michael H. Azarian and Michael G. Pecht},
year =  {2010},
pages = {24},
url = {https://www.ncbi.nlm.nih.gov/pmc/articles/PMC3247731/pdf/sensors-10-05774.pdf}
}

@MISC{Saxena2009,
title =  {Sensor Systems for Prognostics and Health Management},
author = {Abhinav Saxena, Jose Celaya, Bhaskar Saha,Sankalita Saha, and Kai Goebel},
year =  {2009},
pages = {16},
url = {https://ntrs.nasa.gov/archive/nasa/casi.ntrs.nasa.gov/20100023445.pdf}
}

@MISC{Yang2014,
title =  {Predictive Model Evaluation for PHM},
author = {Chunsheng Yang, Yanni Zou, Jie Liu, Kyle R Mulligan},
year =  {2014},
pages = {11},
url = {https://www.phmsociety.org/sites/phmsociety.org/files/phm_submission/2014/ijphm_14_019.pdf}
}

@MISC{Kevin2016,
title =  {A Complete Guide to K-Nearest-Neighbors with Applications in Python and R},
author = {Kevin Zakka},
year =  {2016},
url = {https://kevinzakka.github.io/2016/07/13/k-nearest-neighbor/}
}

@Comment{jabref-meta: databaseType:bibtex;}
