% Encoding: UTF-8
%%% ====================================================================
%%%  BibTeX-file{
%%%     author          = "Ashok Reddy Singam, Anil Ravi",
%%%     version         = "1.0",
%%%     date            = "04 November 2017",
%%%     filename        = "report.bib",
%%%     email           = "asingam at iu.edu",
%%%     codetable       = "ISO/ASCII",
%%%     keywords        = "i523,hid337,hid333",
%%%     supported       = "yes",
%%%     docstring       = "This BibTeX database file contains 'bibdata' entries for the paper2 report 
%%%  }
%%% ====================================================================

@Article{Rabiner2007,
 author = {Rabiner, Lawrence R. and Schafer, Ronald W.},
 title = {Introduction to Digital Speech Processing},
 journal = {Found. Trends Signal Process.},
 issue_date = {January 2007},
 volume = {1},
 number = {1},
 month = jan,
 year = {2007},
 issn = {1932-8346},
 pages = {1--194},
 url = {http://dx.doi.org/10.1561/2000000001},
 doi = {10.1561/2000000001},
 acmid = {1345476},
 publisher = {Now Publishers Inc.},
 address = {Hanover, MA, USA},
} 

@MISC{Chandra2014,
    author = {Dr E. Chandra and K. Manikandan M. S. Kalaivani},
    title = {A Study on Speaker Recognition System and Pattern classification Techniques},
    year = {2014},
    url  = {https://www.ijireeice.com/upload/2014/february/IJIREEICE1H__a__kALAI__A_study.pdf}
}

@MISC{Hazen2000,
title =  {Recognition Confidence Scoring for Use in Speech Understanding Systems},
author = {J. Hazen Timothy and Burianek Theresa and Polifroni Joseph and Seneff Stephanie},
volume = {16},
number = {1},
year =  {2000},
month = {08},
pages = {49--67},
url = {https://www.researchgate.net/publication/2645827_Recognition_Confidence_Scoring_for_Use_in_Speech_Understanding_Systems}
}

@Comment{jabref-meta: databaseType:bibtex;}
