% Encoding: UTF-8
%%% ====================================================================
%%%  BibTeX-file{
%%%     author          = "Ashok Reddy Singam, Anil Ravi",
%%%     version         = "1.0",
%%%     date            = "30 September 2017",
%%%     filename        = "report.bib",
%%%     email           = "asingam at iu.edu",
%%%     codetable       = "ISO/ASCII",
%%%     keywords        = "i523,hid337,hid333,Big Data,Deep Learning",
%%%     supported       = "yes",
%%%     docstring       = "This BibTeX database file contains 'bibdata' entries for the paper1 report 
%%%  }
%%% ====================================================================

@Misc{Labs2016,
  author       = {Sunflower Labs},
  title        = {Sunflower Home Awareness System},
  howpublished = {Video},
  month        = nov,
  year         = {2016},
  comment      = {Sunflower Home Awareness System},
  owner        = {Sunflower Labs},
  timestamp    = {2016-11-03},
  url          = {https://www.youtube.com/watch?v=-YULTLdOGII},
}

@Comment{jabref-meta: databaseType:bibtex;}
